
@article{allstadt2015,
    author  = "Andrew J Allstadt and Stephen J Vavrus and Patricia J Heglund and Anna M Pidgeon and Wayne E Thogmartin and
Volker C Radeloff",
    title   = "Spring plant phenology and false springs in the conterminous US during the 21st century",
    journal = "Environmental Research Letters",
    year    = "2015",
    volume  = "10",
}


@book{barber2005,
    title   = "Where the Clouds Stand: Australian Aboriginal Relationships to Water, Place, and the Marine Environment in Blue Mud Bay, Northern Territory",
    author  = "Marcus Barber",
    year    = "2005",
    school = "The Australian National University School of Archaeology and Anthropology",
}


@book{berkes2012,
    title   = "Sacred Ecology",
    author  = "Berkes, F",
    year    = "2012",
    publisher = "Taylor and Francis",
}


@book{birdrose1996,
    title   = "Nourishing Terrains: Australian Aboriginal Views of Landscape and Wilderness",
    author  = "Deborah Bird-Rose",
    year    = "2012",
    publisher = "Australian Heritage Commission",
}


@electronic{BOM-data,
    author    = "{Australian Bureau of Meteorology}",
    title     = "Climate Data Online",
    howpublished = {\url{http://www.bom.gov.au/climate/data}},
    year     = "2016",
}
    Note that this is only for the public data!


@electronic{BOM-iwk,
    author    = "{Australian Bureau of Meteorology}",
    title     = "Indigenous Weather Knowledge",
    howpublished = {\url{http://www.bom.gov.au/iwk}},
    year     = "2016",
}


@electronic{boos2014,
    author    = "William Boos",
    title     = "Why Monsoons Happen (image source)",
    howpublished = {\url{http://monsoon.yale.edu/why-monsoons-happen}},
    year     = "2014",
}


@electronic{bowman2003,
    author    = "David Bowman",
    title     = "Wild, tame and feral fire: the fundamental linkage between indigenous fire usage and the conservation of Australian biodiversity",
    booktitle = "Proceedings of the 3rd International Wildland Fire Conference and Exhibition",
    year     = "2003",
}


@article{cochran2015,
    author  = "Ferdouz Cochran and Nathaniel Brunsell and Aloisio Cabalzar and Pieter-Jan van~der~Veld and Evaristo Azevedo and Rogelino Azevedo and Roberval Pedrosa and Levi Winegar",
    title   = "Indigenous ecological calendars define scales for climate change and sustainability assessments",
    journal = "Sustainability Science",
    year    = "2015",
    volume  = "11",
    number  = "1",
    pages   = "69-89",
}


@article{clarke2009,
    author  = "Philip Clarke",
    title   = "Australian Aboriginal Ethnometeorology and Seasonal Calendars",
    journal = "History and Anthropology",
    volume  = "20",
    number  = "2",
    pages   = "79-106",
    year    = "2009",
}
    http://dx.doi.org/10.1080/02757200902867677


@electronic{CSIROcals,
    author    = "CSIRO",
    title     = "Indigenous seasons calendars from northern Australia",
    howpublished = {\url{http://www.csiro.au/en/Research/Environment/Land-management/Indigenous/Indigenous-calendars}},
    year     = "2016",
}


@article{cook2001,
    author  = "Garry Cook and Richard Heerdegen",
    title   = "Spatial Variation in the Duration of the Rainy Season in Monsoonal Australia",
    journal = "International Journal of Climatology",
    volume  = "21",
    pages   = "1723â€“1732",
    year    = "2001",
}  DOI: 10.1002/joc.704


@book{davis1989,
    author    = "Stephen Davis",
    title     = "Man of All Seasons: an aboriginal perspective of the natural environment",
    publisher = "Angus and Robertson",
    address  = "Sydney, Australia",
    year      = "1989",
}
    A core reference from Elcho Island
    %edition  = "",


@book{davies1999,
    author    = "Jocelyn Davies and Karen Higgenbottom and Denise Noack and Hellen Ross and Elspeth Young",
    title     = "Sustaining Eden: Indigenous Community Wildlife Management in Australia",
    publisher = "International Institute for Environment and Development",
    year      = "1999",
}


@electronic{dhimurru,
    author    = "{Dhimurru Aboriginal Corporation}",
    title     = "Yolngu Culture",
    howpublished = {\url{http://www.dhimurru.com.au/yolngu-culture.html}},
    year     = "1995",
}


@article{driscoll2010,
    title = "Fire management for biodiversity conservation: Key research questions and our capacity to answer them ",
    journal = "Biological Conservation ",
    volume = "143",
    number = "9",
    pages = "1928-1939",
    year = "2010",
    author = "Don A. Driscoll and David B. Lindenmayer and Andrew F. Bennett and Michael Bode and Ross A. Bradstock and Geoffrey J. Cary and Michael F. Clarke and Nick Dexter and Rod Fensham and Gordon Friend and Malcolm Gill and Stewart James and Geoff Kay and David A. Keith and Christopher MacGregor and Jeremy Russell-Smith and David Salt and James E.M. Watson and Richard J. Williams and Alan York",
}

@book{entwistle2014,
    author    = "Timothy Entwisle",
    title     = "Sprinter and Sprummer: Australia's Changing Seasons",
    publisher = "CSIRO Publishing",
    year      = "2014",
}
    See http://www.publish.csiro.au/pid/7221.htm


@incollection{ens2014,
    author  = "Emilie J Ens",
    title   = "Conducting two-way ecological research",
    booktitle= "People on Country, Vital Landscapes, Indigenous Futures",
    publisher= "The Federation Press",
    editor  = "Jon Altman and Sean Kerins",
    chapter= "3",
    pages   = "45-64",
    year    = "2014",
}


@article {ens2012,
    author = "Emilie J Ens and Max Finlayson and Karissa Preuss and Sue Jackson and Sarah Holcombe",
    title = {Australian approaches for managing 'country' using Indigenous and non-Indigenous knowledge},
    journal = {Ecological Management and Restoration},
    volume = {13},
    number = {1},
    publisher = {Blackwell Publishing Ltd},
    pages = {100-107},
    year = {2012},
}
    http://dx.doi.org/10.1111/j.1442-8903.2011.00634.x


@article{fasullo2002,
    author    = "J Fasullo and P Webster",
    title     = "A Hydrological Definition of Indian Monsoon Onset and Withdrawal",
    journal   = "Journal of Climate",
    volume    = "16",
    pages     = "3200-3211",
    year      = "2002",
}


@book{flannery1994,
    author    = "Tim Flannery",
    title     = "The Future Eaters",
    publisher = "Reed New Holland",
    year      = "1994",
}


@article{forister2003,
    author    = "Matthew Forister and Arthur Shapiro",
    title     = "Climatic trends and advancing spring flight of butterflies in lowland California",
    journal   = "Global Change Biology",
    volume    = "9",
    pages     = "1130-1135",
    year      = "2003",
}


@booklet{gotha2012,
    author    = "Gotha `Kathy' Guthadjaka",
    title     = "Gurruwilyun Yolnu seasons - Gawa:  The changing seasons in east Arnhemland",
    year      = "2012",
    howpublished = {\url{http://www.cdu.edu.au/northern-institute/gawaseasonsposter}},
}


@article{green2010a,
    author    = "Donna Green and G Raygorodetsky",
    title     = "Indigenous knowledge of a changing climate",
    journal   = "Climatic Change",
    volume    = "100",
    number    = "2",
    pages     = "239-242",
    year      = "2010",
}


@article{green2010b,
    author    = "Donna Green and Jack Billy and Alo Tapim",
    title     = "Indigenous Australians' knowledge of weather and climate",
    journal   = "Climatic Change",
    volume    = "100",
    number    = "2",
    pages     = "337-354",
    year      = "2010",
}


@article{hendon1990,
    author    = "Harry Hendon and Brant Liebmann",
    title     = "A Composite Study of the Onset of the Australian Summer Monsoon",
    journal   = "Journal of the Atmospheric Sciences",
    volume    = "47",
    number    = "18",
    pages     = "2227-2240",
    year      = "1990 ",
}


@article{holland1985,
    author    = "Greg Holland",
    title     = "Interannual Variability of the Australian Summer Monsoon at Darwin: 1952-82",
    journal   = "Monthly Weather Review",
    volume    = "114",
    pages     = "594-604",
    year      = "1985",
}


@article{jackson2012,
    author    = "Sue Jackson and Poh-Ling Tan and Carla Mooney and Suzanne Hoverman and Ian White",
    title     = "Principles and guidelines for good practice in Indigenous engagement in water planning",
    journal   = "Journal of Hydrology",
    volume    = "474",
    pages     = "57-65",
    year      = "2012",
}


@article{jackson2015,
    author    = "Sue Jackson and Michael Douglas",
    title     = "Indigenous Engagement in Tropical River Research in Australia: The TRaCK Program",
    journal   = "The International Indigenous Policy Journal",
    volume    = "6",
    issue     = "2",
    year      = "2015",
}


@electronic{kingsley2003,
    author    = "Danny Kingsley",
    title     = "The Lost Seasons",
    howpublished = {\url{http://www.abc.net.au/science/articles/2003/08/14/2118153.htm}},
    year     = "2003",
}


@electronic{kaidor2013,
    author    = "Kaidor",
    title     = "Hadley cells located on the Earth's atmospheric circulation",
    howpublished = {\url{https://commons.wikimedia.org/wiki/User:Kaidor#/media/File:Earth_Global_Circulation_-_en.svg}},
    year     = "2013",
}


@article{marika2009,
    author    = "Rarriwuy Marika and Yalmay Yunupingu and Raymattja Marika-Mununggiritj and Samantha Muller",
    title     = "Leaching the Poison - The importance of process and partnership in working with Yolngu",
    journal   = "Journal of Rural Studies",
    volume    = "25",
    pages     = "404-413",
    year      = "2009",
}


@article{menzel2006,
    author    = "Menzel, A and Sparks, T and Estrella, N and Roy, D",
    title     = "Altered geographic and temporal variability in phenology in response to climate change",
    journal   = "Global Ecology and Biogeography",
    volume    = "15",
    pages     = "498-504",
    year      = "2006",
}


@techreport{oconnor2010,
    author    = "Michael O'Connor and Suzanne Prober",
    title     = "A calendar of Ngadju seasonal knowledge",
    institution = "CSIRO",
    year      = "2010",
}
    https://publications.csiro.au/rpr/pub?list=SEA&pid=csiro:EP111874


@article{patrick1996,
    author    = "Julie Patrick and Rachel Pruchno and Miriam Rose",
    title     = "Recruiting Research Participants:  A Comparison of the Costs and Effectiveness of Five Recruitment Strategies",
    journal   = "The Gerontologist",
    volume    = "38",
    number    = "2",
    pages     = "295-302",
    year      = "1996",
}


@article{petheram2010,
    author    = "Petheram, L and Zander, K and Campbell, B and High, C and Stacey, N",
    title     = "Strange Changes: Indigenous perspectives of climate change and adaptation in NE Arnhem Land",
    journal   = "Global Environmental Change",
    volume    = "20",
    year      = "2010",
    pages     = "681-692",
}


@article{price2012,
    author    = "Price, O and Russell-Smith, J and Watt, F",
    title     = "The influence of prescribed fire on the extent of wildfire in savanna landscapes of western Arnhem Land, Australia",
    journal   = "International Journal of Wildland Fire",
    volume    = "21",
    year      = "2012",
}


@article{prober2011,
    author    = "Suzanne M Prober and Michael H O'Connor and Fiona J Walsh",
    title     = "Australian Aboriginal peoples' seasonal knowledge: a potential basis for shared understanding in environmental management",
    journal   = "Ecology and Society",
    volume    = "16",
    number    = "2",
    year      = "2011",
}
    http://www.ecologyandsociety.org/vol16/iss2/art12/


@article{rodrigo1999,
    author    = "F Rodrigo and M Esteban-Parra and D Pozo-Vazquez and Y Castro-Diez",
    title     = "A 500-year Precipitation Record in Southern Spain",
    journal   = "International Journal of Climatology",
    volume    = "19",
    year      = "1999",
}


@article{roy2000,
    author    = "D Roy and T Sparks",
    title     = "Phenology of British butterflies and climate change",
    journal   = "Global Change Biology",
    volume    = "6",
    year      = "2000",
}


@electronic{SMHI2015,
    author    = "{Swedish Meteorological and Hydrological Institute}",
    title     = "Vinter",
    howpublished = {\url{http://www.smhi.se/kunskapsbanken/vinter-1.1480}},
    year     = "2015",
}


@book{smith1999,
    author  = "Linda Tuhiwai Smith",
    title   = "Decolonising Research Methodologies: research and indigenous peoples",
    year    = "1999",
    publisher = "University of Otago Press",
    address = "Dunedin st, New Zealand"
}


@article{sparks2002,
    author    = "T Sparks and A Menzel",
    title     = "Observed Changes in Seasons: an Overview",
    journal   = "International Journal of Climatology",
    volume    = "22",
    pages     = "1715-1725",
    year      = "2002",
}


@article{steffen2007,
    author    = "Will Steffen and Paul Crutzen and John McNeill",
    title     = "The Anthropocene: Are Humans Now Overwhelming the Great Forces of Nature",
    journal   = "AMBIO: A Journal of the Human Environment",
    volume    = "36",
    number    = "8",
    pages     = "614-621",
    year      = "2007",
}


@article{stevenson1996,
    author    = "Marc Stevenson",
    title     = "Indigenous Knowledge in Environmental Assessment",
    journal   = "Arctic",
    volume    = "49",
    number    = "3",
    pages     = "278-291",
    year      = "1996",
}


@article{sultan2003,
    author    = "Benjamin Sultan and Serge Janicot",
    title     = "{The West African Monsoon Dynamics. Part II: The ``Preonset'' and ``Onset'' of the Summer Monsoon}",
    journal   = "Journal of Climate",
    volume    = "16",
    pages     = "3407-3426",
    year      = "2003",
}


@article{turner2009,
    author    = "Nancy Turner and Helen Clifton",
    title     = "{``It's so different today'': Climate change and indigenous lifeways in British Colombia, Canada}",
    journal   = "Global Environmental Change",
    volume    = "19",
    pages     = "180-190",
    year      = "2009",
}


@electronic{wells2013,
    author    = "Kathryn Wells",
    title     = "Australian weather and seasons: a variety of climates",
    howpublished = {\url{http://www.australia.gov.au/about-australia/australian-story/austn-weather-and-the-seasons}},
    year     = "2013",
}


@techreport{whitepaper,
    author    = {{Dept. of Industry}},
    title     = "Our North, Our Future: white paper on developing Northern Australia",
    institution = "Australian Government",
    year      = "2015",
}


@electronic{willmett2009,
    author    = "Justin Willmett",
    title     = "The Weather Patterns of NE Arnhem Land - a Yolngu Explanation",
    howpublished = {\url{http://www.goveonline.com/forums/nhulunbuy-faq/weather-patterns-ne-arnhemland-a-yolngu-expanation}},
    year     = "2009",
}


@article{woodward2010,
    author    = "Emma Woodward",
    title     = "Creating the Ngan'gi Seasons Calendar: Reflections on Engaging
Indigenous Knowledge Authorities in Research",
    journal   = "Learning Communities: International Journal of Learning in Social Contexts Australia",
    pages     = "125-138",
    year      = "2010",
}
    http://www.cdu.edu.au/centres/spill//journal/LC_Journal_Issue2_2010.pdf


@article{woodward2012a,
    author    = "Emma Woodward and Sue Jackson and Marcus Finn and Patricia Marrfurra-McTaggart",
    title     = "Utilising Indigenous seasonal knowledge to understand aquatic resource use and inform water resource management in northern Australia",
    journal   = "Ecological Management and Restoration",
    volume    = "13",
    pages     = "58-64",
    year      = "2012",
}


@techreport{woodward2012b,
    author  = "Emma Woodward",
    title   = "Indigenous seasonal understanding in monsoon Australia: examples from the Northern Territory and Western Australia",
    year    = "2012",
    organisation = "6th Centre for Australian Weather and Climate Research Workshop (BoM/CSIRO)",
    howpublished = {url{http://www.cawcr.gov.au/publications/technicalreports/CTR_056.pdf}},
}


@article{wu1998,
    author    = "Guoxiong Wu and Yongsheng Zhang",
    title     = "Tibetan Plateau Forcing and the Timing of the Monsoon Onset over South Asia and the South China Sea",
    journal   = "Monthly Weather Review",
    volume    = "126",
    pages     = "913-927",
    year      = "1998",
}


@book{atlas2014,
    author  = "Laurie BaymarrwanÌ¦a and Bentley James",
    title   = "Yan-nhangu Atlas and Illustrated Dictionary of the Crocodile Islands",
    year    = "2014",
    publisher = "Tien Wah Press",
}


@article{yibarbuk2001,
    author    = "D. Yibarbuk and P. J. Whitehead and J. Russell-Smith and D. Jackson and C. Godjuwa and A. Fisher and P. Cooke and D. Choquenot and D. Bowman",
    title     = "Fire ecology and Aboriginal land management in central Arnhem Land, northern Australia: a tradition of ecosystem management",
    journal   = "Journal of Biogeography",
    volume    = "28",
    issue     = "3",
    pages     = "325-343",
    year      = "2001",
}

