
@electronic{BOM-data,
    author    = "{Australian Bureau of Meteorology}",
    title     = "Climate Data Online",
    howpublished = "http://www.bom.gov.au/climate/data",
    year     = "2016",
}
    Note that this is only for the public data!


@electronic{BOM-iwk,
    author    = "{Australian Bureau of Meteorology}",
    title     = "Indigenous Weather Knowledge",
    howpublished = "http://www.bom.gov.au/iwk",
    year     = "2016",
}


@article{clarke2009,
    author  = "Philip Clarke",
    title   = "Australian Aboriginal Ethnometeorology and Seasonal Calendars",
    journal = "History and Anthropology",
    volume  = "20",
    number  = "2",
    pages   = "79-106",
    year    = "2009",
}
    http://dx.doi.org/10.1080/02757200902867677


@electronic{CSIROcals,
    author    = "CSIRO",
    title     = "Indigenous seasons calendars from northern Australia",
    howpublished = "http://www.csiro.au/en/Research/Environment/Land-management/Indigenous/Indigenous-calendars",
    year     = "2016",
}


@book{davis1989,
    author    = "Stephen Davis",
    title     = "Man of All Seasons: an aboriginal perspective of the natural environment",
    publisher = "Angus and Robertson",
    address  = "Sydney, Australia",
    year      = "1989",
}
    A core reference from Elcho Island
    %edition  = "",


@electronic{dhimurru,
    author    = "{Dhimurru Aboriginal Corporation}",
    title     = "Yolngu Culture",
    howpublished = "http://www.dhimurru.com.au/yolngu-culture.html",
    year     = "1995",
}


@book{entwistle2014,
    author    = "Timothy Entwisle",
    title     = "Sprinter and Sprummer: Australia's Changing Seasons",
    publisher = "CSIRO Publishing ",
    year      = "2014",
}
    See http://www.publish.csiro.au/pid/7221.htm


@incollection{ens2014,
	author	= "Emilie J Ens",
	title	= "Conducting two-way ecological research",
	booktitle= "People on Country, Vital Landscapes, Indigenous Futures",
	publisher= "The Federation Press",
	editor	= "Jon Altman and Sean Kerins",
	chapter= "3",
	pages	= "45-64",
	year	= "2014",
}


@article {ens2012,
    author = "Emilie J Ens and Max Finlayson and Karissa Preuss and Sue Jackson and Sarah Holcombe",
    title = {Australian approaches for managing 'country' using Indigenous and non-Indigenous knowledge},
    journal = {Ecological Management and Restoration},
    volume = {13},
    number = {1},
    publisher = {Blackwell Publishing Ltd},
    pages = {100--107},
    year = {2012},
}
    http://dx.doi.org/10.1111/j.1442-8903.2011.00634.x


@article{green2010a,
    author    = "Donna Green and G Raygorodetsky",
    title     = "Indigenous knowledge of a changing climate",
    journal   = "Climatic Change",
    volume    = "100",
    number    = "2",
    pages     = "239-242",
    year      = "2010",
}


@article{green2010b,
    author    = "Donna Green and Jack Billy and Alo Tapim",
    title     = "Indigenous Australians' knowledge of weather and climate",
    journal   = "Climatic Change",
    volume    = "100",
    number    = "2",
    pages     = "337-354",
    year      = "2010",
}


@article{marika2009,
    author    = "Rarriwuy Marika and Yalmay Yunupingu and Raymattja Marika-Mununggiritj and Samantha Muller",
    title     = "Leaching the Poison - The importance of process and partnership in working with Yolngu",
    journal   = "Journal of Rural Studies",
    volume    = "25",
    pages     = "404-413",
    year      = "2009",
}


@techreport{oconnor2010,
    author    = "Michael Oâ€™Connor and Suzanne Prober",
    title     = "A calendar of Ngadju seasonal knowledge",
    institution = "CSIRO",
    year      = "2010",
}
    https://publications.csiro.au/rpr/pub?list=SEA&pid=csiro:EP111874


@article{prober2011,
    author    = "Suzanne M Prober and Michael H O'Connor and Fiona J Walsh",
    title     = "Australian Aboriginal peoples' seasonal knowledge: a potential basis for shared understanding in environmental management",
    journal   = "Ecology and Society ",
    volume    = "16",
    number    = "2",
    year      = "2011",
}
    http://www.ecologyandsociety.org/vol16/iss2/art12/


@article{stevenson1996,
    author    = "Marc Stevenson",
    title     = "Indigenous Knowledge in Environmental Assessment",
    journal   = "Arctic",
    volume    = "49",
    number    = "3",
    pages     = "278-291",
    year      = "1996",
}


@article{turner2009,
    author    = "",
    title     = "{"It's so different today": Climate change and indigenous lifeways in British Colombia, Canada}",
    journal   = "Global Environmental Change",
    volume    = "19",
    pages     = "180-190",
    year      = "2009",
}


@electronic{wells2013,
    author    = "Kathryn Wells",
    title     = "Australian weather and seasons: a variety of climates",
    howpublished = "http://www.australia.gov.au/about-australia/australian-story/austn-weather-and-the-seasons",
    year     = "2013",
}


@electronic{wikiseasons,
    author    = "{Wikipedia}",
    title     = "Indigenous Australian Seasons",
    howpublished = "https://en.wikipedia.org/wiki/Indigenous\_Australian\_seasons",
    year     = "2016",
}
    note     = "{Cited by Nhulunbuy Corp. Ltd., at ncl.net.au/play/about-yolgnu}",


@electronic{willmett2009,
    author    = "Justin Willmett",
    title     = "The Weather Patterns of NE Arnhem Land - a Yolngu Explanation",
    howpublished = "http://www.goveonline.com/forums/nhulunbuy-faq/weather-patterns-ne-arnhemland-a-yolngu-expanation",
    year     = "2009",
}


@article{woodward2010,
    author    = "Emma Woodward",
    title     = "Creating the Ngan'gi Seasons Calendar: Reflections on Engaging
Indigenous Knowledge Authorities in Research",
    journal   = "Learning Communities: International Journal of Learning in Social Contexts Australia",
    pages     = "125-138",
    year      = "2010",
}
    http://www.cdu.edu.au/centres/spill//journal/LC_Journal_Issue2_2010.pdf


@article{,
    author    = "Emma Woodward and Sue Jackson and Marcus Finn and Patricia Marrfurra-McTaggart",
    title     = "Utilising Indigenous seasonal knowledge to understand aquatic resource use and inform water resource management in northern Australia",
    journal   = "Ecological Management and Restoration",
    volume    = "13",
    pages     = "58-64",
    year      = "2012",
}

