
@article{allstadt2015,
    author  = "Andrew J Allstadt and Stephen J Vavrus and Patricia J Heglund and Anna M Pidgeon and Wayne E Thogmartin and
Volker C Radeloff",
    title   = "Spring plant phenology and false springs in the conterminous US during the 21st century",
    journal = "Environmental Research Letters",
    year    = "2015",
    volume  = "10",
}


@book{berkes2012,
    title   = "Sacred Ecology",
    author  = "Berkes, F",
    year    = "2012",
    publisher = "Taylor and Francis",
}


@electronic{BOM-data,
    author    = "{Australian Bureau of Meteorology}",
    title     = "Climate Data Online",
    howpublished = {\url{http://www.bom.gov.au/climate/data}},
    year     = "2016",
}
    Note that this is only for the public data!


@electronic{BOM-iwk,
    author    = "{Australian Bureau of Meteorology}",
    title     = "Indigenous Weather Knowledge",
    howpublished = {\url{http://www.bom.gov.au/iwk}},
    year     = "2016",
}


@electronic{boos2014,
    author    = "William Boos",
    title     = "Why Monsoons Happen",
    howpublished = {\url{http://monsoon.yale.edu/why-monsoons-happen}},
    year     = "2014",
}


@article{cochran2015,
    author  = "Ferdouz Cochran and Nathaniel Brunsell and Aloisio Cabalzar and Pieter-Jan van~der~Veld and Evaristo Azevedo and Rogelino Azevedo and Roberval Pedrosa and Levi Winegar",
    title   = "Indigenous ecological calendars define scales for climate change and sustainability assessments",
    journal = "Sustainability Science",
    year    = "2015",
    volume  = "11",
    number  = "1",
    pages   = "69-89",
}


@article{clarke2009,
    author  = "Philip Clarke",
    title   = "Australian Aboriginal Ethnometeorology and Seasonal Calendars",
    journal = "History and Anthropology",
    volume  = "20",
    number  = "2",
    pages   = "79-106",
    year    = "2009",
}
    http://dx.doi.org/10.1080/02757200902867677


@electronic{CSIROcals,
    author    = "CSIRO",
    title     = "Indigenous seasons calendars from northern Australia",
    howpublished = {\url{http://www.csiro.au/en/Research/Environment/Land-management/Indigenous/Indigenous-calendars}},
    year     = "2016",
}


@article{cook2001,
    author  = "Garry Cook and Richard Heerdegen",
    title   = "Spatial Variation in the Duration of the Rainy Season in Monsoonal Australia",
    journal = "International Journal of Climatology",
    volume  = "21",
    pages   = "1723â€“1732",
    year    = "2001",
}  DOI: 10.1002/joc.704


@book{davis1989,
    author    = "Stephen Davis",
    title     = "Man of All Seasons: an aboriginal perspective of the natural environment",
    publisher = "Angus and Robertson",
    address  = "Sydney, Australia",
    year      = "1989",
}
    A core reference from Elcho Island
    %edition  = "",


@electronic{dhimurru,
    author    = "{Dhimurru Aboriginal Corporation}",
    title     = "Yolngu Culture",
    howpublished = {\url{http://www.dhimurru.com.au/yolngu-culture.html}},
    year     = "1995",
}


@book{entwistle2014,
    author    = "Timothy Entwisle",
    title     = "Sprinter and Sprummer: Australia's Changing Seasons",
    publisher = "CSIRO Publishing ",
    year      = "2014",
}
    See http://www.publish.csiro.au/pid/7221.htm


@incollection{ens2014,
    author  = "Emilie J Ens",
    title   = "Conducting two-way ecological research",
    booktitle= "People on Country, Vital Landscapes, Indigenous Futures",
    publisher= "The Federation Press",
    editor  = "Jon Altman and Sean Kerins",
    chapter= "3",
    pages   = "45-64",
    year    = "2014",
}


@article {ens2012,
    author = "Emilie J Ens and Max Finlayson and Karissa Preuss and Sue Jackson and Sarah Holcombe",
    title = {Australian approaches for managing 'country' using Indigenous and non-Indigenous knowledge},
    journal = {Ecological Management and Restoration},
    volume = {13},
    number = {1},
    publisher = {Blackwell Publishing Ltd},
    pages = {100-107},
    year = {2012},
}
    http://dx.doi.org/10.1111/j.1442-8903.2011.00634.x


@article{green2010a,
    author    = "Donna Green and G Raygorodetsky",
    title     = "Indigenous knowledge of a changing climate",
    journal   = "Climatic Change",
    volume    = "100",
    number    = "2",
    pages     = "239-242",
    year      = "2010",
}


@article{green2010b,
    author    = "Donna Green and Jack Billy and Alo Tapim",
    title     = "Indigenous Australians' knowledge of weather and climate",
    journal   = "Climatic Change",
    volume    = "100",
    number    = "2",
    pages     = "337-354",
    year      = "2010",
}


@article{holland1985,
    author    = "Greg Holland",
    title     = "Interannual Variability of the Australian Summer Monsoon at Darwin: 1952-82",
    journal   = "Monthly Weather Review",
    volume    = "114",
    pages     = "594-604",
    year      = "1985",
}


@article{marika2009,
    author    = "Rarriwuy Marika and Yalmay Yunupingu and Raymattja Marika-Mununggiritj and Samantha Muller",
    title     = "Leaching the Poison - The importance of process and partnership in working with Yolngu",
    journal   = "Journal of Rural Studies",
    volume    = "25",
    pages     = "404-413",
    year      = "2009",
}


@article{menzel2006,
    author    = "Menzel, A and Sparks, T and Estrella, N and Roy, D",
    title     = "Altered geographic and temporal variability in phenology in response to climate change",
    journal   = "Global Ecology and Biogeography",
    volume    = "15",
    pages     = "498-504",
    year      = "2006",
}


@techreport{oconnor2010,
    author    = "Michael O'Connor and Suzanne Prober",
    title     = "A calendar of Ngadju seasonal knowledge",
    institution = "CSIRO",
    year      = "2010",
}
    https://publications.csiro.au/rpr/pub?list=SEA&pid=csiro:EP111874


@article{petheram2010,
    author    = "Petheram, L and Zander, K and Campbell, B and High, C and Stacey, N",
    title     = "Strange Changes: Indigenous perspectives of climate change and adaptation in NE Arnhem Land",
    journal   = "Global Environmental Change",
    volume    = "20",
    year      = "2010",
    pages     = "681-692",
}


@article{price2012,
    author    = "Price, O and Russell-Smith, J and Watt, F",
    title     = "The influence of prescribed fire on the extent of wildfire in savanna landscapes of western Arnhem Land, Australia",
    journal   = "International Journal of Wildland Fire",
    volume    = "21",
    year      = "2012",
}


@article{prober2011,
    author    = "Suzanne M Prober and Michael H O'Connor and Fiona J Walsh",
    title     = "Australian Aboriginal peoples' seasonal knowledge: a potential basis for shared understanding in environmental management",
    journal   = "Ecology and Society",
    volume    = "16",
    number    = "2",
    year      = "2011",
}
    http://www.ecologyandsociety.org/vol16/iss2/art12/


@article{roy2000,
    author    = "D Roy and T Sparks",
    title     = "Phenology of British butterflies and climate change",
    journal   = "Global Change Biology",
    volume    = "6",
    year      = "2000",
}


@book{smith1999,
    author  = "Linda Tuhiwai Smith",
    title   = "Decolonising Research Methodologies: research and indigenous peoples",
    year    = "1999",
    publisher = "University of Otago Press",
    address = "Dunedin st, New Zealand"
}


@article{stevenson1996,
    author    = "Marc Stevenson",
    title     = "Indigenous Knowledge in Environmental Assessment",
    journal   = "Arctic",
    volume    = "49",
    number    = "3",
    pages     = "278-291",
    year      = "1996",
}


@article{turner2009,
    author    = "Nancy Turner and Helen Clifton",
    title     = "{``It's so different today'': Climate change and indigenous lifeways in British Colombia, Canada}",
    journal   = "Global Environmental Change",
    volume    = "19",
    pages     = "180-190",
    year      = "2009",
}


@electronic{wells2013,
    author    = "Kathryn Wells",
    title     = "Australian weather and seasons: a variety of climates",
    howpublished = {\url{http://www.australia.gov.au/about-australia/australian-story/austn-weather-and-the-seasons}},
    year     = "2013",
}


@electronic{wikiseasons,
    author    = "{Wikipedia}",
    title     = "Indigenous Australian Seasons",
    howpublished = {\url{https://en.wikipedia.org/wiki/Indigenous\_Australian\_seasons}},
    year     = "2016",
}
    note     = "{Cited by Nhulunbuy Corp. Ltd., at ncl.net.au/play/about-yolgnu}",


@electronic{willmett2009,
    author    = "Justin Willmett",
    title     = "The Weather Patterns of NE Arnhem Land - a Yolngu Explanation",
    howpublished = {\url{http://www.goveonline.com/forums/nhulunbuy-faq/weather-patterns-ne-arnhemland-a-yolngu-expanation}},
    year     = "2009",
}


@article{woodward2010,
    author    = "Emma Woodward",
    title     = "Creating the Ngan'gi Seasons Calendar: Reflections on Engaging
Indigenous Knowledge Authorities in Research",
    journal   = "Learning Communities: International Journal of Learning in Social Contexts Australia",
    pages     = "125-138",
    year      = "2010",
}
    http://www.cdu.edu.au/centres/spill//journal/LC_Journal_Issue2_2010.pdf


@article{woodward2012a,
    author    = "Emma Woodward and Sue Jackson and Marcus Finn and Patricia Marrfurra-McTaggart",
    title     = "Utilising Indigenous seasonal knowledge to understand aquatic resource use and inform water resource management in northern Australia",
    journal   = "Ecological Management and Restoration",
    volume    = "13",
    pages     = "58-64",
    year      = "2012",
}


@techreport{woodward2012b,
    author  = "Emma Woodward",
    title   = "Indigenous seasonal understanding in monsoon Australia: examples from the Northern Territory and Western Australia",
    year    = "2012",
    organisation = "6th Centre for Australian Weather and Climate Research Workshop (BoM/CSIRO)",
    howpublished = {url{http://www.cawcr.gov.au/publications/technicalreports/CTR_056.pdf}},
}


@book{atlas2014,
    author  = "Laurie BaymarrwanÌ¦a and Bentley James",
    title   = "Yan-nhangu Atlas and Illustrated Dictionary of the Crocodile Islands",
    year    = "2014",
    publisher = "Tien Wah Press",
}

